<?xml version="1.0" encoding="UTF-8"?>
<collection xmlns:xsi="http://www.w3.org/2001/XMLSchema-instance" xsi:schemaLocation="http://www.loc.gov/MARC21/slim http://www.loc.gov/standards/marcxml/schema/MARC21slim.xsd" xmlns="http://www.loc.gov/MARC21/slim">
<record>
  <leader>01823cam a2200385 i 4500</leader>
  <controlfield tag="001">150503</controlfield>
  <controlfield tag="003">NNC</controlfield>
  <controlfield tag="005">20130617225255.0</controlfield>
  <controlfield tag="008">830404s1973    ir ac         001 0dara d</controlfield>
  <datafield tag="035" ind1=" " ind2=" ">
    <subfield code="a">(OCoLC)12809380</subfield>
  </datafield>
  <datafield tag="035" ind1=" " ind2=" ">
    <subfield code="a">(OCoLC)ocm12809380</subfield>
  </datafield>
  <datafield tag="035" ind1=" " ind2=" ">
    <subfield code="a">(CStRLIN)NYCG83-B24755</subfield>
  </datafield>
  <datafield tag="035" ind1=" " ind2=" ">
    <subfield code="9">AAR9768CU</subfield>
  </datafield>
  <datafield tag="035" ind1=" " ind2=" ">
    <subfield code="a">(NNC)150503</subfield>
  </datafield>
  <datafield tag="035" ind1=" " ind2=" ">
    <subfield code="a">150503</subfield>
  </datafield>
  <datafield tag="040" ind1=" " ind2=" ">
    <subfield code="a">NNC</subfield>
    <subfield code="c">NNC</subfield>
  </datafield>
  <datafield tag="041" ind1="0" ind2=" ">
    <subfield code="a">araengper</subfield>
  </datafield>
  <datafield tag="090" ind1=" " ind2=" ">
    <subfield code="a">B753.S23</subfield>
    <subfield code="b">M8 1973</subfield>
  </datafield>
  <datafield tag="100" ind1="1" ind2=" ">
    <subfield code="a">Mudarris Āshtīyānī, Mahdī,</subfield>
    <subfield code="d">1888-1952.</subfield>
  </datafield>
  <datafield tag="245" ind1="1" ind2="0">
    <subfield code="a">Taʻlīqah bar sharḥ-i Manẓūmah-i ḥikmat-i Sabzavārī /</subfield>
    <subfield code="c">ta'līf-i Mīrzā Mahdī Mudarris Āshtīyānī ; bi-ihtimām-i ʻAbd al-Javād Falāṭūrī va Mahdī Muḥaqqiq, va muqaddimah-i Ingilīsī Izūtsū.</subfield>
  </datafield>
  <datafield tag="260" ind1=" " ind2=" ">
    <subfield code="a">Tihrān [Irān] :</subfield>
    <subfield code="b">Dānishgāh-i MakGīl, Kānādā, Mu'assasah-i Muṭālaʻāt-i Islāmī, Shuʻbah-i Tihrān,</subfield>
    <subfield code="c">1352 [1973]</subfield>
  </datafield>
  <datafield tag="300" ind1=" " ind2=" ">
    <subfield code="a">753, ii, 11 p. :</subfield>
    <subfield code="b">ill., ports. ;</subfield>
    <subfield code="c">25 cm.</subfield>
  </datafield>
  <datafield tag="490" ind1="1" ind2=" ">
    <subfield code="a">Silsilah-i dānish-i Irānī ;</subfield>
    <subfield code="v">2</subfield>
  </datafield>
  <datafield tag="500" ind1=" " ind2=" ">
    <subfield code="a">Title on added t.p. Commentary on Sabzawārî's Sharḥ-i Manẓūmah by Mîrza Mehdî Modarris Âshtiyânî, edited by A. Falaṭûrî and M. Mohaghegh, with an English introduction by T. Izutsu.</subfield>
  </datafield>
  <datafield tag="500" ind1=" " ind2=" ">
    <subfield code="a">Wisdom of Persia, II.</subfield>
  </datafield>
  <datafield tag="500" ind1=" " ind2=" ">
    <subfield code="a">Arabic, English and Persian.</subfield>
  </datafield>
  <datafield tag="500" ind1=" " ind2=" ">
    <subfield code="a">Includes index.</subfield>
  </datafield>
  <datafield tag="650" ind1=" " ind2="0">
    <subfield code="a">Islamic philosophy</subfield>
    <subfield code="v">Early works to 1800.</subfield>
  </datafield>
  <datafield tag="650" ind1=" " ind2="0">
    <subfield code="a">Metaphysics</subfield>
    <subfield code="v">Early works to 1800.</subfield>
  </datafield>
  <datafield tag="700" ind1="1" ind2="2">
    <subfield code="a">Sabzavārī, Hādī ibn Mahdī,</subfield>
    <subfield code="d">1797 or 1798-</subfield>
    <subfield code="t">Sharḥ al-manẓūmah fī al-ḥikmah.</subfield>
    <subfield code="f">1973.</subfield>
  </datafield>
  <datafield tag="700" ind1="1" ind2=" ">
    <subfield code="a">Muḥaqqiq, Mahdī.</subfield>
  </datafield>
  <datafield tag="700" ind1="1" ind2=" ">
    <subfield code="a">Falaturi, Abdoldjavad,</subfield>
    <subfield code="d">1926-</subfield>
  </datafield>
  <datafield tag="700" ind1="1" ind2=" ">
    <subfield code="a">Izutsu, Toshihiko,</subfield>
    <subfield code="d">1914-1993.</subfield>
  </datafield>
  <datafield tag="740" ind1="0" ind2="1">
    <subfield code="a">Commentary on Sabzawârî's Sharḥ-i Manẓûmah.</subfield>
  </datafield>
  <datafield tag="830" ind1=" " ind2="0">
    <subfield code="a">Silsilah-ʼi dānish-i Īrānī ;</subfield>
    <subfield code="v">2.</subfield>
  </datafield>
  <datafield tag="955" ind1=" " ind2=" ">
    <subfield code="b">CU59718145</subfield>
    <subfield code="d">off,glx</subfield>
    <subfield code="e">B753.S23 M8 1973</subfield>
  </datafield>
</record>
</collection>